<record><leader>00000cas a2200000 a 4500</leader><controlfield tag="001">36752666</controlfield><controlfield tag="008">970416d19831986oruwr ne      0    0eng c</controlfield><datafield ind1=" " ind2=" " tag="010"><subfield code="a">sn 96088351 </subfield></datafield><datafield ind1=" " ind2=" " tag="040"><subfield code="a">OCN</subfield><subfield code="b">eng</subfield><subfield code="c">OCN</subfield><subfield code="d">OCLCQ</subfield><subfield code="d">ORU</subfield><subfield code="d">OCLCQ</subfield><subfield code="d">OCLCF</subfield><subfield code="d">OCLCO</subfield></datafield><datafield ind1=" " ind2=" " tag="042"><subfield code="a">pcc</subfield></datafield><datafield ind1=" " ind2=" " tag="043"><subfield code="a">n-us-or</subfield></datafield><datafield ind1="0" ind2="0" tag="245"><subfield code="a">Bandon western world.</subfield></datafield><datafield ind1=" " ind2=" " tag="260"><subfield code="a">Bandon, Or. :</subfield><subfield code="b">S. Price and M. Gillard-Juarez,</subfield><subfield code="c">1983-1986.</subfield></datafield><datafield ind1=" " ind2=" " tag="300"><subfield code="a">v.</subfield></datafield><datafield ind1=" " ind2=" " tag="310"><subfield code="a">Weekly</subfield></datafield><datafield ind1="0" ind2=" " tag="362"><subfield code="a">76th year, no. 20 (Mar. 2, 1983)-80th year, no. 3 (Nov. 12, 1986).</subfield></datafield><datafield ind1=" " ind2=" " tag="530"><subfield code="a">Also issued on microfilm from University of Oregon.</subfield></datafield><datafield ind1=" " ind2="0" tag="651"><subfield code="a">Bandon (Or.)</subfield><subfield code="v">Newspapers.</subfield></datafield><datafield ind1=" " ind2="7" tag="655"><subfield code="a">Newspapers.</subfield><subfield code="2">fast</subfield><subfield code="0">(OCoLC)fst01423814</subfield></datafield><datafield ind1=" " ind2="7" tag="651"><subfield code="a">Oregon</subfield><subfield code="z">Bandon.</subfield><subfield code="2">fast</subfield><subfield code="0">(OCoLC)fst01226307</subfield></datafield><datafield ind1=" " ind2=" " tag="752"><subfield code="a">United States</subfield><subfield code="b">Oregon</subfield><subfield code="c">Coos</subfield><subfield code="d">Bandon.</subfield></datafield><datafield ind1="0" ind2="0" tag="780"><subfield code="t">Western world (Bandon, Or.)</subfield><subfield code="w">(DLC)sn 96088350</subfield><subfield code="w">(OCoLC)26317862</subfield></datafield><datafield ind1="0" ind2="0" tag="785"><subfield code="t">Western world (Bandon, Or. : 1986)</subfield><subfield code="w">(DLC)sn 96088352</subfield><subfield code="w">(OCoLC)36752675</subfield></datafield></record>